@book{novak2011game,
  title={Game development essentials: an introduction},
  author={Novak, Jeannie},
  year={2011},
  publisher={Cengage Learning}
}

@article{colven2006switch,
  title={Switch Access to Technology: A comprehensive guide},
  author={David Colven, Simon Judge},
  journal={ACE Centre Advisory Trust and ACT (Access to Communication in
Technology)},
  year={2006},
  publisher={ACE Centre Advisory Trust}
}

@article{yuan2011game,
  title={Game accessibility: a survey},
  author={Yuan, Bei and Folmer, Eelke and Harris Jr, Frederick C},
  journal={Universal Access in the Information Society},
  volume={10},
  number={1},
  pages={81--100},
  year={2011},
  publisher={Springer}
}

@article{melish2007perspectives,
  title={Perspectives on the UN Convention on the Rights of Persons with Disabilities: The UN Disability Convention: Historic Process, Strong Prospects, and Why the US Should Ratify},
  author={Melish, Tara J},
  journal={Hum. Rts. Br.},
  volume={14},
  pages={37--70},
  year={2007},
  publisher={Human Rights Brief Human Rights Brief}
}

@article{colven1996switch,
  title={Switch Access to Technology a Comprehensive Guide},
  author={Colven, D and Judge, S},
  journal={ACE Centre Oxford},
  year={1996}
}

@article{bierre2004accessibility,
  title={Accessibility in Games: Motivations and Approaches},
  author={Bierre, K and Hinn, M and Martin, T and McIntosh, M and Snider, T and Stone, K and Westin, T},
  journal={White paper, International Game Developers Association (IGDA)},
  year={2004}
}

@Misc{frogger,
  Title                    = {Frogger © 1981 Konami Industry Company, Limited. },
  Author                   = {Konami Industry Company},
  Year                     = {1981},
  Url                      = {http://en.wikipedia.org/wiki/Frogger},
  Urlaccessdate            = {07/21/2015}
}

@Misc{froggeracessivel,
  Title                    = {Froggy Ribbit},
  Author                   = {Crush Puppy},
  Year                     = {2007},
  Url                      = {http://www.oneswitch.org.uk/2/sd-arcade.htm},
  Urlaccessdate            = {07/21/2015}
}

@Misc{secondlife,
  Title                    = {Second Life},
  Author                   = {Linden Lab Research},
  Year                     = {1999},
  Url                      = {http://www.secondlife.com},
  Urlaccessdate            = {10 de outubro de 2014}
}

@Misc{phaser,
  Title                    = {},
  Author                   = {Photon Storm Limited},
  Year                     = {1981},
  Url                      = {http://phaser.io},
  Urlaccessdate            = {11 de maio de 2015}
}

@Misc{w3c2005,
  Title                    = {W3C Web Accessibility Initiative},
  Author                   = {W3C},
  HowPublished             = {\url{http://www.w3c.org/WAI/}},
  Urlaccessdate            = "{11 de maio de 2015}",
  Year                     = {2005},
  Key                      = {w3c2005}
}

@inproceedings{folmer2011navigating,
  title={Navigating a 3D avatar using a single switch},
  author={Folmer, Eelke and Liu, Fangzhou and Ellis, Barrie},
  booktitle={Proceedings of the 6th International Conference on Foundations of Digital Games},
  pages={154--160},
  year={2011},
  organization={ACM}
}

@article{jonsson2005if,
  title={If looks could kill--an evaluation of eye tracking in computer games},
  author={J{\"o}nsson, Erika},
  journal={Unpublished Master's Thesis, Royal Institute of Technology (KTH), Stockholm, Sweden},
  year={2005},
  publisher={Citeseer}
}

@misc{oneswitch,
    author          = "oneswitch",
    title           = "OneSwitch.org.uk",
    howpublished    = "\url{http://www.oneswitch.org.uk/}",
    year            = "2006",
    Urlaccessdate   = "{07/21/2015}"
}

@book{miesenberger2008more,
  title={More than just a game: accessibility in computer games},
  author={Miesenberger, Klaus and Ossmann, Roland and Archambault, Dominique and Searle, Gig and Holzinger, Andreas},
  year={2008},
  publisher={Springer}
}

@article{baranowski2008playing,
  title={Playing for real: video games and stories for health-related behavior change},
  author={Baranowski, Tom and Buday, Richard and Thompson, Debbe I and Baranowski, Janice},
  journal={American journal of preventive medicine},
  volume={34},
  number={1},
  pages={74--82},
  year={2008},
  publisher={Elsevier}
}

@article{kato2010video,
  title={Video games in health care: Closing the gap.},
  author={Kato, Pamela M},
  journal={Review of General Psychology},
  volume={14},
  number={2},
  pages={113},
  year={2010},
  publisher={Educational Publishing Foundation}
}

@book{barbosa2010interaccao,
  title={Intera{\c{c}}{\~a}o humano-computador},
  author={Barbosa, Simone Diniz Junqueira and da SILVA, Bruno Santana},
  year={2010},
  publisher={Elsevier}
}

@article{demografico2010caracteristicas,
  title={Caracter{\'\i}sticas gerais da popula{\c{c}}{\~a}o, religi{\~a}o e pessoas com defici{\^e}ncia},
  author={{IBGE}},
  journal={Rio de Janeiro},
  year={2010}
}

@article{beukelman2005augmentative,
  title={Augmentative and alternative communication: Supporting children and adults with complex communication needs},
  author={Beukelman, David and Mirenda, Pat},
  year={2005},
  publisher={Paul H. Brookes Publishing Co.}
}

@book{crockford2008javascript,
  title={JavaScript: The Good Parts: The Good Parts},
  author={Crockford, Douglas},
  year={2008},
  publisher={" O'Reilly Media, Inc."}
}

@book{stefanov2010javascript,
  title={JavaScript patterns},
  author={Stefanov, Stoyan},
  year={2010},
  publisher={" O'Reilly Media, Inc."}
}

@article{world2012relatorio,
  title={Relat{\'o}rio mundial sobre a defici{\^e}ncia},
  author={World Health Organization and others},
  journal={The World Bank. Trad Lexicus Servi{\c{c}}os Lingu{\'\i}sticos. S{\~a}o Paulo: SEDPcD},
  year={2012}
}

@inproceedings{nielsen1993mathematical,
  title={A mathematical model of the finding of usability problems},
  author={Nielsen, Jakob and Landauer, Thomas K},
  booktitle={Proceedings of the INTERACT'93 and CHI'93 conference on Human factors in computing systems},
  pages={206--213},
  year={1993},
  organization={ACM}
}

@misc{nielsen2000you,
  title={Why you only need to test with 5 users},
  author={Nielsen, Jakob},
  year={2000}
}

@inproceedings{bierre2005game,
  title={Game not over: Accessibility issues in video games},
  author={Bierre, Kevin and Chetwynd, Jonathan and Ellis, Barrie and Hinn, D Michelle and Ludi, Stephanie and Westin, Thomas},
  booktitle={Proc. of the 3rd International Conference on Universal Access in Human-Computer Interaction},
  pages={22--27},
  year={2005}
}

@inproceedings{atkinson2006making,
  title={Making the mainstream accessible: redefining the game},
  author={Atkinson, Matthew T and Gucukoglu, Sabahattin and Machin, Colin HC and Lawrence, Adrian E},
  booktitle={Proceedings of the 2006 ACM SIGGRAPH symposium on Videogames},
  pages={21--28},
  year={2006},
  organization={ACM}
}

@phdthesis{Coutinho2012,
author = {Coutinho, Fl\'{a}vio},
keywords = {Deaf and Hard of Hearing,Game Accessibility,Method,Semiotic Inspection,Synaesthesia},
pages = {143},
school = {Universidade Federal de Minas Gerais},
title = {{Revisiting Game Accessibility for Deaf and Hard of Hearing Players}},
type = {Master thesis},
url = {http://hdl.handle.net/1843/ESBF-8THH82},
year = {2012}
}

@inproceedings{Coutinho2011a,
address = {Salvador},
author = {Coutinho, Fl\'{a}vio and Silva, Marcelle and Prates, Raquel Oliveira and Chaimowicz, Luiz},
booktitle = {SBC – Proceedings of SBGames’11: Computing Track},
keywords = {accessibility,games},
title = {{A Survey on Game Accessibility}},
year = {2011}
}

@inproceedings{Gerling:2013:KWW:2468356.2479609,
 author = {Gerling, Kathrin M. and Kalyn, Michael R. and Mandryk, Regan L.},
 title = {KINECTwheels: Wheelchair-accessible Motion-based Game Interaction},
 booktitle = {CHI '13 Extended Abstracts on Human Factors in Computing Systems},
 series = {CHI EA '13},
 year = {2013},
 isbn = {978-1-4503-1952-2},
 location = {Paris, France},
 pages = {3055--3058},
 numpages = {4},
 url = {http://doi.acm.org/10.1145/2468356.2479609},
 doi = {10.1145/2468356.2479609},
 acmid = {2479609},
 publisher = {ACM},
 address = {New York, NY, USA},
 keywords = {accessibility, design, entertainment, games},
} 

@inproceedings{Gerling:2012:FMG:2207676.2208324,
 author = {Gerling, Kathrin and Livingston, Ian and Nacke, Lennart and Mandryk, Regan},
 title = {Full-body Motion-based Game Interaction for Older Adults},
 booktitle = {Proceedings of the SIGCHI Conference on Human Factors in Computing Systems},
 series = {CHI '12},
 year = {2012},
 isbn = {978-1-4503-1015-4},
 location = {Austin, Texas, USA},
 pages = {1873--1882},
 numpages = {10},
 url = {http://doi.acm.org/10.1145/2207676.2208324},
 doi = {10.1145/2207676.2208324},
 acmid = {2208324},
 publisher = {ACM},
 address = {New York, NY, USA},
 keywords = {design, entertainment, games, older adults},
} 

@article{IGDA2004,
author = {IGDA, GA-SIG},
journal = {White paper, International Game Developers Association (IGDA)},
title = {{Accessibility in Games: Motivations and Approaches}},
url = {http://scholar.google.com/scholar?hl=en\&btnG=Search\&q=intitle:Accessibility+in+Games:+Motivations+and+Approaches\#0 http://www.igda.org/sites/default/files/IGDA\_Accessibility\_WhitePaper.pdf},
year = {2004}
}

@misc{Nielsen2014,
author = {Nielsen},
booktitle = {The Nielsen Company},
mendeley-groups = {Game Accessibility},
title = {{Nielsen 360° Gaming Report}},
url = {http://www.nielsen.com/us/en/insights/news/2014/multi-platform-gaming-for-the-win.html},
urldate = {2015},
year = {2014}
}

@techreport{ESA2015,
author = {{Entertainment Software Association}},
pages = {20},
title = {{Essential Facts About the Computer and Video Game Industry}},
url = {http://www.theesa.com/wp-content/uploads/2015/04/ESA-Essential-Facts-2015.pdf},
year = {2015}
}
